2484 4759
530 738 551 751 ,,
936 664 1034 749 uina

213 793 239 847 5.
254 775 302 845 Ne
318 789 412 831 rernm
428 756 528 842 spetiei
538 761 644 849 violent
664 760 921 839 sacraria-nentis,

173 852 309 939 eapti'vos
324 861 415 923 sensus
422 859 492 920 dura
503 854 554 917 sub
564 855 626 931 lege
637 855 762 928 tenebis;

172 951 349 1025 Acceproque
356 955 424 1025 jugo
434 992 445 1019 ‚
461 945 563 1004 dociles
573 960 619 1002 rua
629 941 696 1020 jussa
707 939 862 1016 capessent,

172 1045 279 1104 Mentis
290 1042 324 1101 ad
333 1041 490 1115 imperium
505 1034 645 1095 Murrum
655 1033 694 1094 est
706 1052 871 1107 componere
880 1028 982 1094 sensus.

210 1210 235 1259 6.
254 1206 287 1260 In
300 1219 361 1260 toto
372 1198 462 1259 sedeat
475 1195 580 1268 depicta
590 1191 724 1251 modestia
735 1193 840 1264 vultu3

171 1288 215 1347 Ut
225 1291 272 1361 qui
285 1308 311 1348 te
321 1288 433 1358 videat,
448 1284 570 1358 propiori
581 1283 706 1342 Numine
716 1285 823 1354 tacius,

171 1379 275 1437 Sentiat
286 1374 340 1435 effe
350 1380 444 1434 Deum
455 1368 613 1446 praesentem
625 1377 674 1440 ,&
687 1387 787 1442 pronus
805 1367 911 1431 adoret.

206 1575 233 1623 7.
252 1553 298 1609 Ne
310 1548 430 1608 nimitim
443 1548 524 1608 caseri
543 1543 693 1608 confundas
704 1545 798 1604 omnia
808 1561 912 1616 cantra

171 1640 224 1701 Sed
236 1659 332 1712 paveas
342 1638 377 1697 ad
388 1637 492 1710 verba,
504 1636 563 1710 ipso
573 1637 672 1704 distata
683 1641 849 1696 Tomnrn.

171 1729 255 1791 Plena
273 1729 337 1784 Deo
354 1725 416 1786 stur
427 1727 522 1786 verba.
533 1732 630 1785 Moras
649 1726 755 1785 servare
767 1739 929 1783 mementoe

172 1819 302 1893 Cantanti
312 1817 440 1892 prodest,
453 1817 501 1879 seu
512 1819 624 1891 peciora
637 1815 704 1877 fessa
717 1815 830 1877 subinde

170 1905 334 1978 Respirent,
346 1904 393 1965 seu
410 1927 487 1965 mens
497 1952 507 1978 ‚
518 1905 594 1978 quod
604 1903 710 1977 profert
718 1903 827 1978 lingua,
839 1901 982 1973 nvolvac,

171 2003 207 2060 Et
219 1999 304 2060 sacras
319 2021 400 2061 voces
411 2020 510 2059 arcano
526 2000 646 2059 ruminet
659 2017 721 2056 ore.,

170 2087 216 2146 Ad
227 2109 357 2148 numeros
366 2086 481 2148 hilarem
499 2087 587 2147 lentus
604 2108 639 2145 ne
655 2083 783 2159 protrahe
794 2103 916 2147 cantum.

171 2178 233 2233 Nec
246 2194 272 2234 te
288 2175 360 2236 adeo
369 2195 472 2236 recreet
483 2179 561 2236 vocis
575 2175 657 2234 sonus
670 2201 677 2234 :
689 2176 785 2233 intima
800 2193 894 2232 rerum

171 2269 310 2335 Scrutare,
323 2271 352 2324 &
367 2261 458 2324 sensus
466 2283 557 2324 tecum
568 2263 698 2323 meditare
707 2260 868 2336 profundos.

207 2454 235 2504 8.
251 2442 514 2517 Non'iucornpofitis
523 2443 603 2504 ladas
614 2442 782 2503 clamoribus
792 2459 897 2512 auten

170 2533 233 2592 Nec
244 2533 347 2592 leviore
359 2532 428 2593 sono
440 2533 536 2592 molles
552 2534 696 2592 imitabere
708 2551 812 2594 cantus.

170 2621 319 2694 hastique
329 2621 451 2680 femineo
468 2620 639 2692 supplantans
650 2620 735 2678 verba
746 2619 836 2690 palato
847 2663 860 2688 ‚

170 2714 211 2767 Sit
228 2709 351 2780 plausum
370 2727 475 2781 captare
484 2708 572 2780 pudor
584 2727 665 2768 :nam
676 2707 739 2765 talia
748 2703 849 2776 spernit

171 2803 245 2862 Vota
255 2844 265 2870 ,
275 2799 419 2873 precesque
432 2806 518 2860 Deus.
529 2802 592 2860 Puri
605 2798 716 2873 suspiria
729 2799 838 2871 cordia,

171 2890 207 2949 Et
221 2890 317 2948 tacitos
327 2889 447 2962 geminus
459 2889 569 2948 attentis
580 2887 693 2948 auribus
708 2886 794 2946 audie

205 3069 233 3119 9.
253 3052 293 3107 At
307 3065 399 3118 neque
411 3046 531 3105 cantanti
542 3047 626 3105 ricius
637 3043 803 3118 distorqueat
814 3063 868 3104 ora

170 3135 301 3204 Vastior,
315 3141 434 3208 &rupto
447 3139 475 3196 se
487 3158 543 3198 vox
555 3135 589 3196 de
598 3154 709 3211 gutture
727 3134 835 3206 trudat,
890 3198 893 3204 ,

171 3223 255 3284 Unde
275 3222 363 3283 solent
384 3223 510 3284 resonare
528 3226 643 3284 immani
665 3223 763 3295 templa
777 3222 874 3282 boatu

169 3320 240 3378 Non
253 3319 372 3378 clamore
384 3323 459 3378 Deus
468 3319 597 3391 placatur.
611 3323 653 3377 Ut
666 3315 757 3377 audiat
769 3316 830 3373 alto
846 3382 849 3389 Ι

169 3407 194 3464 Ε
214 3405 298 3479 solio,
312 3407 350 3466 nil
364 3410 439 3467 vocis
452 3426 523 3482 eget.
537 3411 595 3469 Vos
612 3403 705 3472 surda,
720 3398 881 3474 Prophetae,

170 3496 297 3554 Numina
316 3497 516 3570 necquicquam
526 3493 619 3556 valido
636 3493 767 3568 piamone
778 3489 908 3552 vocastis.

207 3688 249 3729 ro.
268 3673 426 3733 Concordes
436 3674 542 3734 animos
554 3671 689 3732 monstret
698 3667 978 3741 concotdmocum.

169 3760 220 3816 Par
234 3755 366 3817 studium.
376 3764 457 3822 Varia
470 3782 520 3833 pro
531 3762 687 3822 conditione
696 3761 824 3820 locorum>

168 3846 236 3910 Rite
244 3846 447 3923 observentur,
463 3869 524 3925 qua
536 3847 601 3913 suot
607 3847 761 3925 prescripta
769 3844 929 3997 quoten‘nit.
